%% Created using Papers on Fri, 14 Jul 2017.
%% http://papersapp.com/papers/

@article{Ashton:2016js,
author = {Ashton, Louise A and Nakamura, Akihiro and Basset, Yves and Burwell, Chris J and Cao, Min and Eastwood, Rodney and Odell, Erica and de Oliveira, Evandro Gama and Hurley, Karen and Katabuchi, Masatoshi and Maunsell, Sarah and McBroom, James and Schmidl, Juergen and Sun, Zhenhua and Tang, Yong and Whitaker, Terry and Laidlaw, Melinda J and McDonald, William J F and Kitching, Roger L},
title = {{Vertical stratification of moths across elevation and latitude}},
journal = {Journal of Biogeography},
year = {2016},
volume = {43},
number = {1},
pages = {59--69},
month = jan
}

@article{Deng:2015db,
author = {Deng, Xiaobao and Mohandass, Dharmalingam and Katabuchi, Masatoshi and Hughes, Alice C and Roubik, David W},
title = {{Impact of Striped-Squirrel Nectar-Robbing Behaviour on Gender Fitness in Alpinia roxburghii Sweet (Zingiberaceae)}},
journal = {PLoS ONE},
year = {2015},
volume = {10},
number = {12},
pages = {e0144585--17},
month = dec
}

@article{Siefert:2015iy,
author = {Siefert, Andrew and Violle, Cyrille and Chalmandrier, Lo{\"\i}c and Albert, C{\'e}cile H and Taudiere, Adrien and Fajardo, Alex and Aarssen, Lonnie W and Baraloto, Christopher and Carlucci, Marcos B and Cianciaruso, Marcus V and de L Dantas, Vin{\'\i}cius and de Bello, Francesco and Duarte, Leandro D S and Fonseca, Carlos R and Freschet, Gr{\'e}goire T and Gaucherand, St{\'e}phanie and Gross, Nicolas and Hikosaka, Kouki and Jackson, Benjamin and Jung, Vincent and Kamiyama, Chiho and Katabuchi, Masatoshi and Kembel, SW W and Kichenin, Emilie and Kraft, Nathan J B and Lagerstr{\"o}m, Anna and Bagousse-Pinguet, Yoann Le and Li, Yuanzhi and Mason, Norman and Messier, Julie and Nakashizuka, Tohru and Overton, Jacob McC and Peltzer, Duane A and P{\'e}rez-Ramos, I M and Pillar, Valerio D and Prentice, Honor C and Richardson, Sarah and Sasaki, Takehiro and Schamp, Brandon S and Sch{\"o}b, Christian and Shipley, Bill and Sundqvist, Maja and Sykes, Martin T and Vandewalle, Marie and Wardle, David A},
title = {{A global meta-analysis of the relative extent of intraspecific trait variation in plant communities.}},
journal = {Ecology Letters},
year = {2015},
volume = {18},
number = {12},
pages = {1406--1419},
month = dec
}

@article{Katabuchi:2015im,
author = {Katabuchi, Masatoshi},
title = {{LeafArea: an R package for rapid digital image analysis of leaf area}},
journal = {Ecological Research},
year = {2015},
pages = {1--5},
month = sep
}

@article{Katabuchi:2015ima,
author = {Katabuchi, Masatoshi},
title = {{LeafArea: an R package for rapid digital image analysis of leaf area}},
journal = {Ecological Research},
year = {2015},
volume = {30},
number = {6},
pages = {1073--1077},
month = sep
}

@article{Nakamura:2015bz,
author = {Nakamura, Akihiro and Burwell, Chris J and Lambkin, Christine L and Katabuchi, Masatoshi and McDougall, Andrew and Raven, Robert J and Neldner, V John},
title = {{The role of human disturbance in island biogeography of arthropods and plants: an information theoretic approach}},
journal = {Journal of Biogeography},
year = {2015},
volume = {42},
number = {8},
pages = {1406--1417},
month = may
}

@article{Nakamura:2015gr,
author = {Nakamura, A and Burwell, C J and Ashton, L A and Laidlaw, Melinda J and Katabuchi, Masatoshi and Kitching, Roger L},
title = {{Identifying indicator species of elevation: Comparing the utility of woody plants, ants and moths for long-term monitoring}},
journal = {Austral Ecology},
year = {2015},
volume = {41},
number = {2},
pages = {179--188}
}

@article{Kamiyama:2014iy,
author = {Kamiyama, Chiho and Katabuchi, Masatoshi and Sasaki, Takehiro and Shimazaki, Masaya and Nakashizuka, Tohru and Hikosaka, Kouki},
title = {{Leaf-trait responses to environmental gradients in moorland communities: contribution of intraspecific variation, species replacement and functional group replacement}},
journal = {Ecological Research},
year = {2014},
volume = {29},
number = {4},
pages = {607--617},
month = jul
}

@article{Sasaki:2014kj,
author = {Sasaki, Takehiro and Katabuchi, Masatoshi and Kamiyama, Chiho and Shimazaki, Masaya and Nakashizuka, Tohru and Hikosaka, Kouki},
title = {{Vulnerability of moorland plant communities to environmental change: consequences of realistic species loss on functional diversity}},
journal = {Journal of Applied Ecology},
year = {2014},
volume = {51},
number = {2},
pages = {299--308},
month = apr
}

@article{Aiba:2013il,
author = {Aiba, Masahiro and Katabuchi, Masatoshi and Takafumi, Hino and Matsuzaki, Shin-ichiro S and Sasaki, Takehiro and Hiura, Tsutom},
title = {{Robustness of trait distribution metrics for community assembly studies under the uncertainties of assembly processes.}},
journal = {Ecology},
year = {2013},
volume = {94},
number = {12},
pages = {2873--2885},
month = dec,
annote = {doi: 10.1890/13-0269.1}
}

@article{Cadiz:2013gw,
author = {C{\'a}diz, Antonio and Nagata, Nobuaki and Katabuchi, Masatoshi and D{\'\i}az, Luis M and Echenique-D{\'\i}az, L{\'a}zaro M and Akashi, Hiroshi D and Makino, Takashi and Kawata, Masakado},
title = {{Relative importance of habitat use, range expansion, and speciation in local species diversity of Anolislizards in Cuba}},
journal = {Ecosphere},
year = {2013},
volume = {4},
number = {7},
pages = {art78},
month = jul
}

@article{Asanok:2013js,
author = {Asanok, Lamthai and Marod, Dokrak and Duengkae, Prateep and Pranmongkol, Umpron and Kurokawa, Hiroko and Aiba, Masahiro and Katabuchi, Masatoshi and Nakashizuka, Tohru},
title = {{Relationships between functional traits and the ability of forest tree species to reestablish in secondary forest and enrichment plantations in the uplands of northern Thailand}},
journal = {Forest Ecology And Management},
year = {2013},
volume = {296},
number = {C},
pages = {9--23},
month = may
}

@article{Sasaki:2013dr,
author = {Sasaki, Takehiro and Katabuchi, Masatoshi and Kamiyama, Chiho and Shimazaki, Masaya and Nakashizuka, Tohru and Hikosaka, Kouki},
title = {{Variations in Species Composition of Moorland Plant Communities Along Environmental Gradients Within a Subalpine Zone in Northern Japan}},
journal = {Wetlands},
year = {2013},
volume = {33},
number = {2},
pages = {269--277},
month = apr
}

@article{Katabuchi:2012us,
author = {Katabuchi, Masatoshi},
title = {{Community assembly and dynamics in tropical rainforests on the basis of functional traits}},
journal = {PhD thesis},
year = {2012},
pages = {1--80},
month = nov
}

@article{Sasaki:2012ck,
author = {Sasaki, Takehiro and Katabuchi, Masatoshi and Kamiyama, Chiho and Shimazaki, Masaya and Nakashizuka, Tohru and Hikosaka, Kouki},
title = {{Nestedness and niche-based species loss in moorland plant communities}},
journal = {Oikos},
year = {2012},
volume = {121},
number = {11},
pages = {1783--1790},
month = nov
}

@article{Katabuchi:2012gu,
author = {Katabuchi, Masatoshi and Kurokawa, Hiroko and Davies, Stuart J and Tan, Sylvester and Nakashizuka, Tohru},
title = {{Soil resource availability shapes community trait structure in a species-rich dipterocarp forest}},
journal = {Journal of Ecology},
year = {2012},
volume = {100},
number = {3},
pages = {643--651},
month = may
}

@article{Sasaki:2012jw,
author = {Sasaki, T. and Katabuchi, Masatoshi and Kamiyama, C and Shimazaki, M and Nakashizuka, Tohru and Hikosaka, Kouki},
title = {{Diversity partitioning of moorland plant communities across hierarchical spatial scales}},
journal = {Biodiversity and Conservation},
year = {2012},
volume = {21},
number = {6},
pages = {1577--1588}
}

@article{Katabuchi:2008jd,
author = {Katabuchi, Masatoshi and Isagi, Y and Nakashizuka, Tohru},
title = {{Development of 17 microsatellite markers for Ceratosolen constrictus, the pollinating fig wasp of Ficus fistulosa}},
journal = {Molecular Ecology Resources},
year = {2008},
volume = {8},
number = {4},
pages = {840--842}
}

@article{Katabuchi:2008cp,
author = {Katabuchi, Masatoshi and Harrison, Rhett D and Nakashizuka, Tohru},
title = {{Documenting the effect of foundress number in a dioecious fig, Ficus fistulosa, in Malaysia}},
journal = {Biotropica},
year = {2008},
volume = {40},
number = {4},
pages = {457--461}
}

@article{Katabuchi:nlBiaU7g,
author = {Katabuchi, Masatoshi and Kitajima, Kaoru and Joseph Wright, Stuart and Van Bael, Sunshine A and Osnas, Jeanne L D and Lichstein, Jeremy W},
title = {{Decomposing leaf mass into photosynthetic and structural components explains divergent patterns of trait variation within and among plant species}}
}

